<?xml version="1.0" encoding="UTF-8"?><collection xmlns="http://www.loc.gov/MARC21/slim"><record><leader>00572nam--2200169-i-4500</leader><controlfield tag="001">000019455</controlfield><controlfield tag="002">20161230</controlfield><controlfield tag="005">20161230201033</controlfield><controlfield tag="008">060222s1000------------r-----000-0-eng-d</controlfield><datafield ind1=" " ind2=" " tag="040"><subfield code="a">IFIN-HH</subfield></datafield><datafield ind1=" " ind2=" " tag="080"><subfield code="a">539.1.074.3:061.3</subfield></datafield><datafield ind1="1" ind2=" " tag="110"><subfield code="a">Nuclear-chicago Corporation</subfield></datafield><datafield ind1="1" ind2="0" tag="245"><subfield code="a">First conference report: the scintillation camera</subfield><subfield code="b">Excerpts from the pgo/gamma users conference, lincolnwood, illinois, august, 1965</subfield></datafield><datafield ind1=" " ind2=" " tag="260"><subfield code="a">Lincolnwood, Illinois</subfield><subfield code="b">Nuclear-chicago Corporation</subfield><subfield code="c">1965</subfield></datafield><datafield ind1=" " ind2=" " tag="300"><subfield code="a">19 P</subfield></datafield><datafield ind1=" " ind2=" " tag="852"><subfield code="a">38315</subfield><subfield code="c">539.107:539.1.08</subfield></datafield><datafield ind1=" " ind2=" " tag="CAT"><subfield code="a">Sys</subfield><subfield code="c">20111025</subfield><subfield code="h">132929</subfield></datafield></record></collection>